@online{pydislocdyn,
	author = {Blaschke, Daniel N.},
	title = {{PyDislocDyn}},
	url = {https://github.com/dblaschke-LANL/PyDislocDyn},
	doi = {10.11578/dc.20180619.15},
	version = {1.3.2},
	year = {2018--2025},
	reportNumber = {C18073}
}
@article{Bacon:1980,
	author = {D. J. Bacon and D. M. Barnett and R. O. Scattergood},
	title = {Anisotropic continuum theory of lattice defects},
	journal = {Progress in Materials Science},
	volume = {23},
	pages = {51-262},
	year = {1980},
	doi = {10.1016/0079-6425(80)90007-9},
}
@book{Hirth:1982,
	author={John Price Hirth and Jens Lothe},
	title={Theory of Dislocations},
	year={1982},
	edition={second},
	publisher={Wiley},
	address={New York},
}
@article{Teutonico:1961,
	title = {Dynamical Behavior of Dislocations in Anisotropic Media},
	author = {Teutonico, L. J.},
	journal = {Physical Review},
	volume = {124},
	issue = {4},
	pages = {1039-1045},
	year = {1961},
	doi = {10.1103/PhysRev.124.1039},
}
@article{Barnett:1973b,
	author = {D M Barnett and J Lothe and K Nishioka and R J Asaro},
	title = {Elastic surface waves in anisotropic crystals: a simplified method for calculating {Rayleigh} velocities using dislocation theory},
	journal = {Journal of Physics F: Met. Phys.},
	doi = {10.1088/0305-4608/3/6/001},
	year = {1973},
	volume = {3},
	number = {6},
	pages = {1083-1096},
}
@book{Hertzberg:2012,
	title = {Deformation and Fracture Mechanics of Engineering Materials},
	author = {Hertzberg, Richard W. and Vinci, Richard P. and Hertzberg, Jason L.},
	edition = {fifth},
	publisher = {Wiley},
	year = {2012},
}
@online{Kaye:2004,
	author = "Kaye, George William Clarkson and Laby, T. H.",
	title = "Tables of Physical and Chemical Constants",
	year = "2004",
	note = "web edition",
	publisher = "Longman",
	url = "https://web.archive.org/web/20190506031327/http://www.kayelaby.npl.co.uk/",
}
@book{CRCHandbook,
	editor = "John R. Rumble",
	title = "CRC Handbook of Chemistry and Physics",
	edition = "102nd",
	year = "2021",
	publisher = "CRC Press",
	url = "https://hbcp.chemnetbase.com",
}
@book{Samsonov:1968,
title = {Handbook of the Physicochemical Properties of the Elements},
author = {G. V. Samsonov},
year = {1968},
publisher = {IFI/Plenum},
address = {New York},
doi = {10.1007/978-1-4684-6066-7},
}
@article {Wasserbaech:1990,
	author = {Wasserb{\"a}ch, W.},
	title = {Third-Order Constants of a Cubic Quasi-Isotropic Solid},
	journal = {physica status solidi (b)},
	volume = {159},
	doi = {10.1002/pssb.2221590216},
	pages = {689-697},
	year = {1990},
}
@article{Seeger:1960,
	author = "Alfred Seeger and Otto Buck",
	title = "{Die experimentelle Ermittlung der elastischen Konstanten
	h{\"o}herer Ordnung}",
	journal = "Zeitschrift f{\"u}r Naturforschung",
	volume = "15a",
	pages = "1056-1067",
	year = "1960",
	url = "http://zfn.mpdl.mpg.de/data/Reihe_A/15/ZNA-1960-15a-1056.pdf",
}
@article{Graham:1968,
	author = "Graham, L. J. and Nadler, H. and Chang, Roger",
	title = "Third-Order Elastic Constants of Single-Crystal and Polycrystalline Columbium",
	journal = "Journal of Applied Physics",
	year = "1968",
	volume = "39",
	pages = "3025-3033",
	doi = "10.1063/1.1656726",
}
@article{Smith:1966,
	author = {Smith, R. T.  and Stern, R.  and Stephens, R. W. B.},
	title = {Third-Order Elastic Moduli of Polycrystalline Metals from Ultrasonic Velocity Measurements},
	journal = {The Journal of the Acoustical Society of America},
	volume = {40},
	number = {5},
	pages = {1002-1008},
	year = {1966},
	doi = {10.1121/1.1910179},
}
@article{Epstein:1965,
	author = "S. G. Epstein and O. N. Carlson",
	title = "The elastic constants of nickel-copper alloy single crystals",
	journal = "Acta Metallurgica",
	volume = "13",
	pages = "487-491",
	year = "1965",
	doi = "10.1016/0001-6160(65)90098-2",
}
@article{Lowrie:1967,
	author = {Robert Lowrie and A. M. Gonas},
	title = {Single-Crystal Elastic Properties of Tungsten from {24$^\circ$ to 1800$^\circ$C}},
	journal = {Journal of Applied Physics},
	volume = {38},
	pages = {4505-4509},
	year = {1967},
	doi = {10.1063/1.1709158},
}
@article{Thomas:1968,
title = {Third-Order Elastic Constants of Aluminum},
author = {Thomas, J. F.},
journal = {Physical Review},
volume = {175},
pages = {955-962},
year = {1968},
doi = {10.1103/PhysRev.175.955},
note = {\href{https://doi.org/10.1103/PhysRev.181.1370}{Erratum-ibid. 181 (1969) 1370}},
}
@article{Hiki:1966,
	title = {Anharmonicity in Noble Metals; Higher Order Elastic Constants},
	author = {Hiki, Yosio and Granato, A. V.},
	journal = {Physical Review},
	volume = {144},
	pages = {411-419},
	year = {1966},
	doi = {10.1103/PhysRev.144.411},
}
@article{Leese:1968,
	author = "Leese, John and Lord, A. E.",
	title = "Elastic Stiffness Coefficients of Single-Crystal Iron from Room Temperature to {500$^\circ$C}",
	journal = "Journal of Applied Physics",
	year = "1968",
	volume = "39",
	pages = "3986-3988",
	doi = "10.1063/1.1656884",
}
@article {Voronov:1978,
	author = {F. F. Voronov and V. M. Prokhurov and E. L. Gromnitskaya and G. G. Ilina},
	title = {Second- and third-order elastic moduli of a molybdenum single crystal},
	journal = {Physics of Metals and Metallography},
	volume = {45},
	pages = {123},
	year = {1978},
	note = {[\textit{Fizika metallov i metallovedenie} \textbf{45} (1978) 1263]},
}
@article{Alers:1960,
	author = "G. A. Alers and J. R. Neighbours and H. Sato",
	title = "Temperature dependent magnetic contributions to the high field elastic constants of nickel and an {Fe-Ni} alloy",
	journal = "Journal of Physics and Chemistry of Solids",
	volume = "13",
	pages = "40-55",
	year = "1960",
	doi = "10.1016/0022-3697(60)90125-6",
}
@article{Saunders:1986,
	author = "G. A. Saunders and Y. K. Yo{\u{g}}urt{\c{c}}u",
	title = "The effect of hydrostatic and uniaxial pressure on the elastic constants of cadmium",
	journal = "Journal of Physics and Chemistry of Solids",
	volume = "47",
	pages = "421-427",
	year = "1986",
	doi = "10.1016/0022-3697(86)90035-1",
}
@article{Powell:1984,
	author = "Powell, B. E. and Skove, M. J.",
	title = "Linear and volume compressibilities and isothermal third-order elastic constants",
	journal = "Journal of Applied Physics",
	year = "1984",
	volume = "56",
	pages = "1548-1549",
	doi = "10.1063/1.334114",
}
@article{Naimon:1971,
	title = {Third-Order Elastic Constants of Magnesium. {I.} Experimental},
	author = {Naimon, E. R.},
	journal = {Physical Review B},
	volume = {4},
	pages = {4291-4296},
	year = {1971},
	doi = {10.1103/PhysRevB.4.4291},
}
@article{Riley:1973,
	title = {Higher-Order Elastic Constants of Copper and Nickel Whiskers},
	author = {Riley, M. W. and Skove, M. J.},
	journal = {Physical Review B},
	volume = {8},
	pages = {466-474},
	year = {1973},
	doi = {10.1103/PhysRevB.8.466},
}
@article{Swartz:1972,
	title = {Third-Order Elastic Constants of Tin and of a Tin-Indium Alloy},
	author = {Swartz, K. D. and Chua, W. B. and Elbaum, C.},
	journal = {Physical Review B},
	volume = {6},
	pages = {426-435},
	year = {1972},
	doi = {10.1103/PhysRevB.6.426},
}
@article{Rao:1973,
	title = {Lattice Dynamics, Third-Order Elastic Constants, and Thermal Expansion of Titanium},
	author = {{Ramji Rao}, R. and Menon, C. S.},
	journal = {Physical Review B},
	volume = {7},
	issue = {2},
	pages = {644-650},
	year = {1973},
	doi = {10.1103/PhysRevB.7.644},
}
@article{Swartz:1970,
title = {Third-Order Elastic Constants of Zinc},
author = {Swartz, K. D. and Elbaum, C.},
journal = {Physical Review B},
volume = {1},
pages = {1512-1517},
year = {1970},
doi = {10.1103/PhysRevB.1.1512},
}
@Article{Singh:1992,
	author="Singh, A. and Rathore, R. P. S. and Agrawal, R. M.",
	title="Phonons and elastic constants for scandium, zirconium and magnesium",
	journal="Acta Physica Hungarica",
	year="1992",
	volume="72",
	number="2",
	pages="133-140",
	doi="10.1007/BF03054157",
}
@article{Jiles:1981,
	author = {Jiles, D. C. and Palmer, S. B.},
	title = "{Third-order elastic constants of erbium}",
	journal = {Journal of Applied Physics},
	volume = {52},
	number = {2},
	pages = {1113-1115},
	year = {1981},
	issn = {0021-8979},
	doi = {10.1063/1.328838},
}
@article{Yogurtcu:1985,
	author = {Y. K. Yo{\u{g}}urt{\c{c}}u and G. A. Saunders and P. C. Riedi},
	title = {Third-order elastic constants and acoustic-mode vibrational anharmonicity of cobalt},
	journal = {Philosophical Magazine A},
	volume = {52},
	number = {6},
	pages = {833-846},
	year = {1985},
	doi = {10.1080/01418618508242145},
}
@article{Rao:1980,
	author = {{Ramji Rao}, R. and Ramanand, A.},
	title = {Third-order elastic constants of uniaxial crystals},
	journal = {physica status solidi (a)},
	volume = {58},
	number = {1},
	pages = {11-36},
	doi = {10.1002/pssa.2210580102},
	year = {1980}
}
@article{Srinivasan:1973a,
author = "R. Srinivasan and K. S. Girirajan",
title = "The second and third order elastic constants of alkali metals",
journal = "Journal of Physics and Chemistry of Solids",
volume = "34",
pages = "611-620",
year = "1973",
doi = "10.1016/S0022-3697(73)80166-0",
}
@article{Suzuki:1971,
	title = {Second- and Third-Order Elastic Constants of Aluminum and Lead},
	author = {Suzuki, Tetsuro},
	journal = {Physical Review B},
	volume = {3},
	issue = {12},
	pages = {4007--4014},
	numpages = {0},
	year = {1971},
	doi = {10.1103/PhysRevB.3.4007},
	note = {\href{https://doi.org/10.1103/PhysRevB.4.3779.6}{Erratum-ibid. 4 (1971) 3779}},
}
@article{Krasilnikov:2012,
	Author = {Krasil'nikov, O. M. and Vekilov, Yu. Kh. and Mosyagin, I. Yu.},
	Doi = {10.1134/S1063776112070096},
	Journal = {Journal of Experimental and Theoretical Physics},
	Number = {2},
	Pages = {237-241},
	Title = {Elastic constants of solids at high pressures},
	Volume = {115},
	Year = {2012},
}
@article{Vekilov:2016,
title = {Higher-order elastic constants and megabar pressure effects of bcc tungsten: {Ab} initio calculations},
author = {Vekilov, Yu. Kh. and Krasilnikov, O. M. and Lugovskoy, A. V. and Lozovik, {Yu.} E.},
journal = {Physical Review B},
volume = {94},
issue = {10},
pages = {104114},
numpages = {10},
year = {2016},
doi = {10.1103/PhysRevB.94.104114},
}
@article{Kiewel:1996,
	author = {H. Kiewel and L. Fritsche and T. Reinert},
	title = {Calculation of nonlinear effective elastic constants of polycrystalline materials},
	journal = {Journal of Applied Physics},
	year = {1996},
	volume = {79},
	pages = {3963-3966},
	doi = {10.1063/1.361823},
}
@article{Barrera:1993,
	author = {Barrera, G. D. and Batana, A.},
	title = {Lattice Dynamics, Thermal Expansion, and Third-Order Elastic Constants of Seminoble Metals},
	journal = {physica status solidi (b)},
	volume = {179},
	number = {1},
	pages = {59-75},
	doi = {10.1002/pssb.2221790108},
	year = {1993}
}
@article{Brugger:1965,
	author = {K. Brugger},
	title = {Pure Modes for Elastic Waves in Crystals},
	journal = {Journal of Applied Physics},
	volume = {36},
	pages = {759-768},
	year = {1965},
	doi = {10.1063/1.1714215},
}
@article{Gao:1999,
	author = {H. Gao and Y. Huang and P. Gumbsch and A. J. Rosakis},
	title = {On radiation-free transonic motion of cracks and dislocations},
	journal = {Journal of the Mechanics and Physics of Solids},
	volume = {47},
	number = {9},
	pages = {1941-1961},
	year = {1999},
	issn = {0022-5096},
	doi = {10.1016/S0022-5096(98)00126-4},
}
@Article{Gu:2019,
	author="Jianbing Gu and Chenju Wang and Bin Sun and Weiwei Zhang and Dandan Liu",
	title="High-Pressure Third-Order Elastic Constants of {MgO} Single Crystal: {First}-Principles Investigation",
	journal="Zeitschrift f{\"u}r Naturforschung",
	year="2019",
	volume="74",
	issue="5",
	pages="447-456",
	doi="10.1515/zna-2018-0500",
}
@book{Zener:1948,
title = {Elasticity and Anelasticity Of Metals},
author = {Zener, Clarence},
year = {1948},
publisher = {Univ. Chicago Press},
address={Chicago},
}
@article{Fuchs:1936,
title = {The Elastic Constants and Specific Heats of the
Alkali Metals},
author = {K. Fuchs},
journal = {Proceedings of the Royal Society A},
volume = {157},
issue = {891},
pages = {444},
year = {1936},
doi = {10.1098/rspa.1936.0207},
}
@article{Kube:2016anis,
author = {Kube, Christopher M.},
title = {Elastic anisotropy of crystals},
journal = {AIP Advances},
volume = {6},
number = {9},
pages = {095209},
year = {2016},
issn = {2158-3226},
doi = {10.1063/1.4962996},
}


%%%%%%%%%%%%%%%%%%%%%%%%
@article{Blaschke:2017Poly,
	author         = "Blaschke, Daniel N.",
	title          = "Averaging of elastic constants for polycrystals",
	year           = "2017",
	reportNumber   = "LA-UR-17-24288",
	eprint         = "1706.07132",
	archivePrefix  = "arXiv",
	primaryClass   = "cond-mat.mtrl-sci",
	journal        = "Journal of Applied Physics",
	volume         = "122",
	pages          = "145110",
	doi            = "10.1063/1.4993443",
}
@article{Blaschke:2017lten,
author         = "Blaschke, Daniel N. and Szajewski, Benjamin A.",
title          = "Line tension of a dislocation moving through an anisotropic crystal",
year           = "2018",
reportNumber   = "LA-UR-17-29936",
eprint         = "1711.10555",
archivePrefix  = "arXiv",
primaryClass   = "cond-mat.mtrl-sci",
journal        = "Philosophical Magazine",
volume         = "98",
pages          = "2397-2424",
doi            = "10.1080/14786435.2018.1489152",
}
@techreport{Blaschke:BpaperRpt,
	author         = "Blaschke, Daniel N. and Mottola, Emil and Preston, Dean L.",
	title          = "On the velocity dependence of the dislocation drag coefficient from phonon wind",
	year           = "2018",
	number         = "LA-UR-16-24559",
	institution    = "Los Alamos Natl. Lab.",
	doi            = "10.2172/1434423",
	url            = "https://www.osti.gov/biblio/1434423/",
}
@article{Blaschke:2018anis,
author         = "Blaschke, Daniel N.",
title          = "Velocity dependent dislocation drag from phonon wind and crystal geometry",
year           = "2019",
reportNumber   = "LA-UR-18-22746",
eprint         = "1804.01586",
archivePrefix  = "arXiv",
primaryClass   = "cond-mat.mtrl-sci",
doi            = "10.1016/j.jpcs.2018.08.032",
journal        = "Journal of Physics and Chemistry of Solids",
volume         = "124",
pages          = "24-35",
}
@article{Blaschke:2019fits,
author         = "Blaschke, Daniel N.",
title          = "Properties of dislocation drag from phonon wind at ambient conditions",
year           = "2019",
reportNumber   = "LA-UR-19-20476",
eprint         = "1902.02451",
archivePrefix  = "arXiv",
primaryClass   = "cond-mat.mtrl-sci",
doi            = "10.3390/ma12060948 ",
journal        = "Materials",
volume         = "12",
issue          = "6",
pages          = "948",
}
@article{Blaschke:2019Bpap,
author         = "Blaschke, Daniel N. and Mottola, Emil and Preston, Dean L.",
title          = "Dislocation drag from phonon wind in an isotropic crystal at large velocities",
year           = "2020",
journal        = "Philosophical Magazine",
volume         = "100",
number         = "5",
pages          = "571-600",
reportNumber   = "LA-UR-19-25851",
eprint         = "1907.00101",
archivePrefix  = "arXiv",
primaryClass   = "cond-mat.mtrl-sci",
doi            = "10.1080/14786435.2019.1696484",
}
@article{Blaschke:2019a,
author         = "Blaschke, Daniel N. and Hunter, Abigail and Preston, Dean L.",
title          = "Analytic model of the remobilization of pinned glide dislocations: {Including} dislocation drag from phonon wind",
year           = "2020",
reportNumber   = "LA-UR-19-26796",
eprint         = "1912.08851",
archivePrefix  = "arXiv",
primaryClass   = "cond-mat.mtrl-sci",
doi                  = "10.1016/j.ijplas.2020.102750",
journal            = "International Journal of Plasticity",
volume           = "131",
pages             = "102750",
}
@article{Blaschke:2020MD,
author      = "Daniel N. Blaschke and Jie Chen and Saryu Fensin and Benjamin Szajewski",
title          = "Clarifying the definition of `transonic' screw dislocations",
year          = "2021",
eprint        = "2008.13760",
archivePrefix = "arXiv",
primaryClass  = "cond-mat.mtrl-sci",
reportNumber  = "LA-UR-20-25514",
journal = "Philosophical Magazine",
volume  = "101",
issue = "8",
pages = "997-1018",
doi = "10.1080/14786435.2021.1876269",
}
@article{Blaschke:2020acc,
author      = "Daniel N. Blaschke",
title          = "A general solution for accelerating screw dislocations in arbitrary slip systems with reflection symmetry",
year          = "2021",
eprint        = "2009.00167",
archivePrefix = "arXiv",
primaryClass  = "cond-mat.mtrl-sci",
reportNumber  = "LA-UR-20-25951",
journal = {Journal of the Mechanics and Physics of Solids},
volume = {152},
pages = {104448},
issn = {0022-5096},
doi = {10.1016/j.jmps.2021.104448},
}
@article{Blaschke:2021impact,
author      = {Daniel N. Blaschke and Darby J. Luscher},
title          = {Dislocation drag and its influence on elastic precursor decay},
year          = {2021},
reportNumber  = {LA-UR-20-25546},
eprint={2101.10497},
archivePrefix={arXiv},
primaryClass={cond-mat.mtrl-sci},
journal={International Journal of Plasticity},
volume={144},
pages={103030},
doi={10.1016/j.ijplas.2021.103030},
}
@article{Blaschke:2021temperature,
title={On the temperature and density dependence of dislocation drag from phonon wind}, 
author={Daniel N. Blaschke and Leonid Burakovsky and Dean L. Preston},
year={2021},
eprint={2104.08650},
archivePrefix={arXiv},
primaryClass={cond-mat.mtrl-sci},
journal={Journal of Applied Physics},
volume={130},
pages={015901},
doi={10.1063/5.0054536},
reportNumber  = {LA-UR-21-23521},
}
@article{Blaschke:2021vcrit,
title={How to determine limiting velocities of dislocations in anisotropic crystals}, 
author={Daniel N. Blaschke},
year={2021},
eprint={2107.01220},
archivePrefix={arXiv},
primaryClass={cond-mat.mtrl-sci},
reportNumber  = {LA-UR-21-26126},
journal={Journal of Physics: Cond. Mat.},
volume={33},
pages={503005},
doi={10.1088/1361-648X/ac2970},
}
@article{Blaschke:2023acc,
	author      = {Daniel N. Blaschke and Khanh Dang and Saryu Fensin and Darby J. Luscher},
	title          = {Properties of accelerating edge dislocations in arbitrary slip systems with reflection symmetry},
	year          = {2023},
	eprint        = {2303.10461},
	archivePrefix = {arXiv},
	primaryClass  = {cond-mat.mtrl-sci},
	reportNumber  = {LA-UR-22-22567},
	journal={Materials},
	volume={16},
	number={11},
	pages={4019},
	doi={10.3390/ma16114019},
}
@article{Blaschke:2023rad,
author      = {Daniel N. Blaschke and Ta Duong and Michael J. Demkowicz},
title          = {Comparing theoretical predictions of radiation-free velocities of edge dislocations to molecular dynamics simulations},
year          = {2023},
journal       = {Physical Review B},
volume        = {108},
number        = {22},
pages         = {224102},
doi           = {10.1103/PhysRevB.108.224102},
eprint        = {2305.06980},
archivePrefix = {arXiv},
primaryClass  = {cond-mat.mtrl-sci},
reportNumber  = {LA-UR-23-25095},
}

%%%%%%%%%%%%%%%%%

@article{Hansen:2013,
	author = "B. L. Hansen and I. J. Beyerlein and C. A. Bronkhorst and E. K. Cerreta and D. Dennis-Koller",
	title = "A dislocation-based multi-rate single crystal plasticity model",
	journal = "International Journal of Plasticity",
	volume = "44",
	pages = "129-146",
	year = "2013",
	issn = "0749-6419",
	doi = "10.1016/j.ijplas.2012.12.006",
}
@article{Lloyd:2014JMPS,
title = "Plane wave simulation of elastic-viscoplastic single crystals",
journal = "Journal of the Mechanics and Physics of Solids",
volume = "69",
pages = "14-32",
year = "2014",
doi = "10.1016/j.jmps.2014.04.009",
author = "J. T. Lloyd and J. D. Clayton and R. A. Austin and D. L. McDowell",
}
@article{Lloyd:2014,
author = "J. T. Lloyd and J. D. Clayton and R. Becker and D. L. McDowell",
title = "Simulation of shock wave propagation in single crystal and polycrystalline aluminum",
journal = "International Journal of Plasticity",
volume = "60",
pages = "118-144",
year = "2014",
doi = "10.1016/j.ijplas.2014.04.012",
}
@article{Luscher:2016,
	author = "D. J. Luscher and J. R. Mayeur and H. M. Mourad and A. Hunter and M. A. Kenamond",
	title = "Coupling continuum dislocation transport with crystal plasticity for application to shock loading conditions",
	journal = "International Journal of Plasticity",
	volume = "76",
	pages = "111-129",
	year = "2016",
	doi = "10.1016/j.ijplas.2015.07.007",
}
@article{Austin:2018,
author = {Ryan A. Austin},
title = {Elastic precursor wave decay in shock-compressed aluminum over a wide range of temperature},
journal = {Journal of Applied Physics},
volume = {123},
number = {3},
pages = {035103},
year = {2018},
doi = {10.1063/1.5008280},
}
@article{Zuanetti:2021,
author = "Bryan Zuanetti and Darby J. Luscher and Kyle Ramos and Cynthia Bolme and Vikas Prakash",
title = "{Dynamic flow stress of pure polycrystalline aluminum: Pressure-shear plate impact experiments and extension of dislocation-based modeling to large strains}",
journal = "Journal of the Mechanics and Physics of Solids",
volume = "146",
pages = "104185",
year = "2021",
doi = "10.1016/j.jmps.2020.104185",
}
@incollection{Weertman:1980,
author = {Weertman, Johannes and Weertman, Julia Randall},
title = {Moving Dislocations},
booktitle = {Moving Dislocations},
year = {1980},
series = {Dislocations in Solids},
volume = {3},
editor = {Nabarro, Frank Reginald Nunes},
pages = {1-59},
publisher = {North Holland Pub. Co.},
address = {Amsterdam},
}
@article{Nadgornyi:1988,
author = {Edward M. Nadgornyi},
title = {Dislocation dynamics and mechanical properties of crystals},
journal = {Progress in Materials Science},
volume = {31},
pages = {1-530},
year = {1988},
doi = {10.1016/0079-6425(88)90005-9},
}
@incollection{Alshits:1992,
	author = "Alshits, Vladimir I.",
	title = "The Phonon-Dislocation Interaction and its Role in Dislocation Dragging and Thermal Resistivity",
	editor = "Vladimir L. Indenbom and Jens Lothe",
	booktitle = "Elastic Strain Fields and Dislocation Mobility",
	publisher = "Elsevier",
	year = "1992",
	volume = "31",
	pages = "625-697",
	series = "Modern Problems in Condensed Matter Sciences",
	doi = "10.1016/B978-0-444-88773-3.50018-2",
}
@article{Gurrutxaga:2020,
author = {Gurrutxaga-Lerma, B. and Verschueren, J. and Sutton, A. P. and Dini, D.},
title = {The mechanics and physics of high-speed dislocations: a critical review},
journal = {International Materials Reviews},
volume = {66},
number = {4},
pages = {215-255},
year  = {2021},
publisher = {Taylor \& Francis},
doi = {10.1080/09506608.2020.1749781},
}
@article{Weertman:1962,
author = {J. Weertman},
title = {Fast moving edge dislocations on the {(110)} plane in anisotropic body-centred-cubic crystals},
journal = {Philosophical Magazine},
volume = {7},
number = {76},
pages = {617-631},
year  = {1962},
doi = {10.1080/14786436208212628},
}
@article{VanHull:1962,
author = {Van Hull, A.  and Weertman, J. },
title = {Fast Moving Edge Dislocations in Various Face-Centered-Cubic Metals},
journal = {Journal of Applied Physics},
volume = {33},
number = {5},
pages = {1636-1637},
year = {1962},
doi = {10.1063/1.1728802},
}
@article{Teutonico:1962,
title = {Uniformly Moving Dislocations of Arbitrary Orientation in Anisotropic Media},
author = {Teutonico, L. J.},
journal = {Physical Review},
volume = {127},
pages = {413-418},
year = {1962},
doi = {10.1103/PhysRev.127.413},
}
@article{Dang:2022Mg,
title={Limiting velocities and transonic dislocations in {Mg}}, 
author={Khanh Dang and Daniel N. Blaschke and Saryu Fensin and Darby J. Luscher},
year={2022},
eprint={2205.11687},
archivePrefix={arXiv},
primaryClass={cond-mat.mtrl-sci},
reportNumber={LA-UR-22-22557},
journal={Computational Materials Science},
volume={215},
pages={111786},
doi={10.1016/j.commatsci.2022.111786},
}
@article{Ye:2023a,
title = {Unified crystal plasticity model for fcc metals: {From} quasistatic to shock loading},
author = {Ye, Changqing and Liu, Guisen and Chen, Kaiguo and Liu, Jingnan and Hu, Jianbo and Yu, Yuying and Mao, Yong and Shen, Yao},
journal = {Physical Review B},
volume = {107},
issue = {2},
pages = {024105},
numpages = {11},
year = {2023},
doi = {10.1103/PhysRevB.107.024105},
}
@article{Manukhina:2024,
author = {K. D. Manukhina and V. S. Krasnikov and D. S. Voronin and A. E. Mayer},
title = {Dislocation activity in aluminum at ultra-high strain rates: {Atomistic} investigation and continuum modeling},
journal = {Computational Materials Science},
volume = {244},
pages = {113269},
year = {2024},
issn = {0927-0256},
doi = {10.1016/j.commatsci.2024.113269},
}
@article{Gurrutxaga:2013,
author = {Gurrutxaga-Lerma, B. and Balint, Daniel S. and Dini, Daniele and Eakins, Daniel E. and Sutton, Adrian P.},
title = {A dynamic discrete dislocation plasticity method for the simulation of plastic relaxation under shock loading},
journal = {Proceedings of the Royal Society A},
volume = {469},
number = {2156},
pages = {20130141},
year = {2013},
doi = {10.1098/rspa.2013.0141},
}
@article{Bertin:2015,
author = {N. Bertin and M. V. Upadhyay and C. Pradalier and L. Capolungo},
doi = {10.1088/0965-0393/23/6/065009},
year = {2015},
volume = {23},
number = {6},
pages = {065009},
title = {A {FFT}-based formulation for efficient mechanical fields computation in isotropic and anisotropic periodic discrete dislocation dynamics},
journal = {Modelling and Simulation in Materials Science and Engineering},
}
@article{Cho:2015,
author="Cho, Jaehyun and Junge, Till and Molinari, Jean-Fran{\c{c}}ois and Anciaux, Guillaume",
title="{Toward a 3D coupled atomistic and discrete dislocation dynamics simulation: dislocation core structures and Peierls stresses with several character angles in FCC aluminum}",
journal="Advanced Modeling and Simulation in Engineering Sciences",
year="2015",
volume="2",
number="1",
pages="12",
doi="10.1186/s40323-015-0028-6",
}
@article{Kim:2020,
author = "Soon Kim and Hokun Kim and Keonwook Kang and Sung Youb Kim",
title = "Relativistic effect inducing drag on fast-moving dislocation in discrete system",
journal = "International Journal of Plasticity",
volume = "126",
pages = "102629",
year = "2020",
doi = "10.1016/j.ijplas.2019.11.008",
}
@article{Akhondzadeh:2023,
title = {Direct comparison between experiments and dislocation dynamics simulations of high rate deformation of single crystal copper},
journal = {Acta Materialia},
volume = {250},
pages = {118851},
year = {2023},
issn = {1359-6454},
doi = {10.1016/j.actamat.2023.118851},
author = {Sh. Akhondzadeh and Minju Kang and Ryan B. Sills and K.T. Ramesh and Wei Cai},
}
@article{Tak:2023,
title = {A discrete dislocation dynamics framework for modeling polycrystal plasticity with hardening},
journal = {International Journal of Solids and Structures},
volume = {281},
pages = {112442},
year = {2023},
issn = {0020-7683},
doi = {10.1016/j.ijsolstr.2023.112442},
author = {Tawqeer Nasir Tak and Aditya Prakash and Indradev Samajdar and Ahmed Amine Benzerga and P.J. Guruprasad},
}
@article{Bertin:2024,
author = {Bertin, N. and Bulatov, Vasily V. and Zhou, Fei},
doi = {10.1038/s41524-024-01378-4},
isbn = {2057-3960},
journal = {npj Computational Materials},
number = {1},
pages = {192},
title = {Learning dislocation dynamics mobility laws from large-scale {MD} simulations},
volume = {10},
year = {2024},
}
@article{Markenscoff:2008,
author = "Xanthippi Markenscoff and Surong Huang",
title = "Analysis for a screw dislocation accelerating through the shear-wave speed barrier",
journal = "Journal of the Mechanics and Physics of Solids",
volume = "56",
pages = "2225-2239",
year = "2008",
doi = "10.1016/j.jmps.2008.01.005",
}
@article{Pellegrini:2018,
title={Uniformly-moving non-singular dislocations with ellipsoidal core shape in anisotropic media},
author={Pellegrini, Yves-Patrick},
journal = {Journal of Micromechanics and Molecular Physics},
volume = {3},
number = {3 \& 4},
pages = {1840004},
doi = {10.1142/S2424913018400040},
eprint={1808.10272},
archivePrefix={arXiv},
primaryClass={physics.class-ph},
year={2018},
}
@article{Pellegrini:2020,
title={Dynamic {Peach-Koehler} self-force, inertia, and radiation damping of a regularized dislocation},
author={Yves-Patrick Pellegrini},
year={2020},
eprint={2005.12704},
archivePrefix={arXiv},
primaryClass={cond-mat.mtrl-sci}
}
@article{Katagiri:2023,
title={Transonic Dislocation Propagation in Diamond},
author={Katagiri, Kento and Pikuz, Tatiana and Fang, Lichao and Albertazzi, Bruno and Egashira, Shunsuke and Inubushi, Yuichi and Kamimura, Genki and Kodama, Ryosuke and Koenig, Michel and Kozioziemski, Bernard and others},
eprint={2303.04370},
archivePrefix = {arXiv},
primaryClass  = {cond-mat.mtrl-sci},
journal = {Science},
volume = {382},
number = {6666},
pages = {69-72},
year = {2023},
doi = {10.1126/science.adh5563},
}
@ARTICLE{Jones:2025MSMSE,
author = {{Jones}, Kathryn R. and {Dang}, Khanh and {Blaschke}, Daniel N. and {Fensin}, Saryu J. and {Hunter}, Abigail},
title = "{Exploring the relation between transonic dislocation glide and stacking fault width in {FCC} metals}",
journal = {Modelling and Simulation in Materials Science and Engineering},
year = {2025},
volume = {33},
number = {2},
pages = {025020},
doi = {10.1088/1361-651X/adb017},
archivePrefix = {arXiv},
eprint = {2409.10705},
primaryClass = {cond-mat.mtrl-sci},
}
@article{Duong:2023a,
author = {Ta Duong and Michael J. Demkowicz},
title = {Resonance with Surface Waves Induces Forbidden Velocity Bands in Dislocation Glide},
year = {2023},
journal = {Journal of the Mechanics and Physics of Solids},
volume = {180},
pages = {105422},
doi = {10.1016/j.jmps.2023.105422},
OPTjournal  = {available at SSRN: 4373001},
OPTdoi = {10.2139/ssrn.4373001},
}
@article {Gumbsch:1999,
author = {Gumbsch, Peter and Gao, Huajian},
title = {Dislocations Faster than the Speed of Sound},
volume = {283},
number = {5404},
pages = {965-968},
year = {1999},
doi = {10.1126/science.283.5404.965},
journal = {Science},
}
@article{Olmsted:2005,
author={Olmsted, David L. and Hector Jr., Louis G. and Curtin, W. A. and Clifton, R. J.},
title={Atomistic simulations of dislocation mobility in {Al, Ni} and {Al/Mg} alloys},
journal={Modelling and Simulation in Materials Science and Engineering},
volume={13},
pages={371},
year={2005},
doi={10.1088/0965-0393/13/3/007},
archivePrefix = {arXiv},
eprint = {cond-mat/0412324},
}
@article{Tsuzuki:2008,
author = {H{\'e}lio Tsuzuki and Paulo S. Branicio and Jos{\'e} Pedro Rino},
title = {Accelerating dislocations to transonic and supersonic speeds in anisotropic metals},
journal = {Applied Physics Letters},
volume = {92},
pages = {191909},
year = {2008},
doi = {10.1063/1.2921786},
}
@article{Oren:2017,
author={E. Oren and E. Yahel and G. Makov},
title={Dislocation kinematics: a molecular dynamics study in {Cu}},
journal={Modelling and Simulation in Materials Science and Engineering},
volume={25},
pages={025002},
doi={10.1088/1361-651X/aa52a7},
year={2017},
}
@article{Peng:2019,
title = {Supersonic Screw Dislocations Gliding at the Shear Wave Speed},
author = {Peng, Shenyou and Wei, Yujie and Jin, Zhaohui and Yang, Wei},
journal = {Physical Review Letters},
volume = {122},
issue = {4},
pages = {045501},
numpages = {5},
year = {2019},
doi = {10.1103/PhysRevLett.122.045501},
}
@article{Hunter:2022,
author = {Abigail Hunter and Dean L. Preston},
title = {Analytic model of dislocation density evolution in fcc polycrystals accounting for dislocation generation, storage, and dynamic recovery mechanisms},
journal = {International Journal of Plasticity},
volume = {151},
pages = {103178},
year = {2022},
issn = {0749-6419},
doi = {10.1016/j.ijplas.2021.103178},
}
@article{Larkin:2022,
author = {Kevin Larkin and Abigail Hunter and Miles Buechler},
title = {Simulation of dislocation evolution in microparticle impacts over a wide range of impact velocities},
journal = {International Journal of Plasticity},
volume = {158},
pages = {103408},
year = {2022},
issn = {0749-6419},
doi = {10.1016/j.ijplas.2022.103408},
}
@article{Markenscoff:1987,
author = {Xanthippi Markenscoff and Luqun Ni},
title = {The transient motion of a dislocation in a solid of general anisotropy},
journal = {Wave Motion},
volume = {9},
number = {3},
pages = {191-199},
year = {1987},
issn = {0165-2125},
doi = {10.1016/0165-2125(87)90009-6},
}