@online{pydislocdyn,
	author = {Blaschke, Daniel N.},
	title = {{PyDislocDyn}},
	url = {https://github.com/dblaschke-LANL/PyDislocDyn},
	doi = {10.11578/dc.20180619.15},
	version = {1.2.7},
	year = {2018--2023},
	reportNumber = {C18073}
}
@article{Bacon:1980,
	author = "D. J. Bacon and D. M. Barnett and R. O. Scattergood",
	title = "Anisotropic continuum theory of lattice defects",
	journal = "Prog. Mater. Sci.",
	volume = "23",
	pages = "51-262",
	year = "1980",
	doi = "10.1016/0079-6425(80)90007-9",
}
@book{Hirth:1982,
	author={John Price Hirth and Jens Lothe},
	title={Theory of Dislocations},
	year={1982},
	edition={second},
	publisher={Wiley},
	address={New York},
}
@article{Teutonico:1961,
	title = {Dynamical Behavior of Dislocations in Anisotropic Media},
	author = {Teutonico, L. J.},
	journal = {Phys. Rev.},
	volume = {124},
	issue = {4},
	pages = {1039-1045},
	year = {1961},
	doi = {10.1103/PhysRev.124.1039},
}
@article{Barnett:1973b,
	author = {D M Barnett and J Lothe and K Nishioka and R J Asaro},
	title = {Elastic surface waves in anisotropic crystals: a simplified method for calculating {Rayleigh} velocities using dislocation theory},
	journal = {J. Phys. F: Met. Phys.},
	doi = {10.1088/0305-4608/3/6/001},
	year = {1973},
	volume = {3},
	number = {6},
	pages = {1083-1096},
}
@book{Hertzberg:2012,
	title = {Deformation and Fracture Mechanics of Engineering Materials},
	author = {Hertzberg, Richard W. and Vinci, Richard P. and Hertzberg, Jason L.},
	edition = {fifth},
	publisher = {Wiley},
	year = {2012},
}
@online{Kaye:2004,
	author = "Kaye, George William Clarkson and Laby, T. H.",
	title = "Tables of Physical and Chemical Constants",
	year = "2004",
	note = "web edition",
	publisher = "Longman",
	url = "https://web.archive.org/web/20190506031327/http://www.kayelaby.npl.co.uk/",
}
@book{CRCHandbook,
	editor = "John R. Rumble",
	title = "CRC Handbook of Chemistry and Physics",
	edition = "102nd",
	year = "2021",
	publisher = "CRC Press",
	url = "https://hbcp.chemnetbase.com",
}
@article {Wasserbaech:1990,
	author = {Wasserb{\"a}ch, W.},
	title = {Third-Order Constants of a Cubic Quasi-Isotropic Solid},
	journal = {phys. stat. sol. (b)},
	volume = {159},
	doi = {10.1002/pssb.2221590216},
	pages = {689-697},
	year = {1990},
}
@article{Seeger:1960,
	author = "Alfred Seeger and Otto Buck",
	title = "{Die experimentelle Ermittlung der elastischen Konstanten
	h{\"o}herer Ordnung}",
	journal = "Z. Naturf.",
	volume = "15a",
	pages = "1056-1067",
	year = "1960",
	url = "http://zfn.mpdl.mpg.de/data/Reihe_A/15/ZNA-1960-15a-1056.pdf",
}
@article{Graham:1968,
	author = "Graham, L. J. and Nadler, H. and Chang, Roger",
	title = "Third-Order Elastic Constants of Single-Crystal and Polycrystalline Columbium",
	journal = "J. Appl. Phys.",
	year = "1968",
	volume = "39",
	pages = "3025-3033",
	doi = "10.1063/1.1656726",
}
@article{Smith:1966,
	author = {Smith, R. T.  and Stern, R.  and Stephens, R. W. B.},
	title = {Third-Order Elastic Moduli of Polycrystalline Metals from Ultrasonic Velocity Measurements},
	journal = {J. Acoust. Soc. Amer.},
	volume = {40},
	number = {5},
	pages = {1002-1008},
	year = {1966},
	doi = {10.1121/1.1910179},
}
@article{Epstein:1965,
	author = "S. G. Epstein and O. N. Carlson",
	title = "The elastic constants of nickel-copper alloy single crystals",
	journal = "Acta Metall.",
	volume = "13",
	pages = "487-491",
	year = "1965",
	doi = "10.1016/0001-6160(65)90098-2",
}
@article{Lowrie:1967,
	author = {Robert Lowrie and A. M. Gonas},
	title = {Single-Crystal Elastic Properties of Tungsten from {24$^\circ$ to 1800$^\circ$C}},
	journal = {J. Appl. Phys.},
	volume = {38},
	pages = {4505-4509},
	year = {1967},
	doi = {10.1063/1.1709158},
}
@article{Thomas:1968,
title = {Third-Order Elastic Constants of Aluminum},
author = {Thomas, J. F.},
journal = {Phys. Rev.},
volume = {175},
pages = {955-962},
year = {1968},
doi = {10.1103/PhysRev.175.955},
note = {\href{https://doi.org/10.1103/PhysRev.181.1370}{Erratum-ibid. 181 (1969) 1370}},
}
@article{Hiki:1966,
	title = {Anharmonicity in Noble Metals; Higher Order Elastic Constants},
	author = {Hiki, Yosio and Granato, A. V.},
	journal = {Phys. Rev.},
	volume = {144},
	pages = {411-419},
	year = {1966},
	doi = {10.1103/PhysRev.144.411},
}
@article{Leese:1968,
	author = "Leese, John and Lord, A. E.",
	title = "Elastic Stiffness Coefficients of Single-Crystal Iron from Room Temperature to {500$^\circ$C}",
	journal = "J. Appl. Phys.",
	year = "1968",
	volume = "39",
	pages = "3986-3988",
	doi = "10.1063/1.1656884",
}
@article {Voronov:1978,
	author = {F. F. Voronov and V. M. Prokhurov and E. L. Gromnitskaya and G. G. Ilina},
	title = {Second- and third-order elastic moduli of a molybdenum single crystal},
	journal = {Phys. Met. Metallogr.},
	volume = {45},
	pages = {123},
	year = {1978},
	note = {[\textit{Fiz. Met. Metalloved.} \textbf{45} (1978) 1263]},
}
@article{Alers:1960,
	author = "G. A. Alers and J. R. Neighbours and H. Sato",
	title = "Temperature dependent magnetic contributions to the high field elastic constants of nickel and an {Fe-Ni} alloy",
	journal = "J. Phys. Chem. Solids",
	volume = "13",
	pages = "40-55",
	year = "1960",
	doi = "10.1016/0022-3697(60)90125-6",
}
@article{Saunders:1986,
	author = "G. A. Saunders and Y. K. Yo{\u{g}}urt{\c{c}}u",
	title = "The effect of hydrostatic and uniaxial pressure on the elastic constants of cadmium",
	journal = "J. Phys. Chem. Solids",
	volume = "47",
	pages = "421-427",
	year = "1986",
	doi = "10.1016/0022-3697(86)90035-1",
}
@article{Powell:1984,
	author = "Powell, B. E. and Skove, M. J.",
	title = "Linear and volume compressibilities and isothermal third-order elastic constants",
	journal = "J. Appl. Phys.",
	year = "1984",
	volume = "56",
	pages = "1548-1549",
	doi = "10.1063/1.334114",
}
@article{Naimon:1971,
	title = {Third-Order Elastic Constants of Magnesium. {I.} Experimental},
	author = {Naimon, E. R.},
	journal = {Phys. Rev.},
	volume = {B4},
	pages = {4291-4296},
	year = {1971},
	doi = {10.1103/PhysRevB.4.4291},
}
@article{Riley:1973,
	title = {Higher-Order Elastic Constants of Copper and Nickel Whiskers},
	author = {Riley, M. W. and Skove, M. J.},
	journal = {Phys. Rev.},
	volume = {B8},
	pages = {466-474},
	year = {1973},
	doi = {10.1103/PhysRevB.8.466},
}
@article{Swartz:1972,
	title = {Third-Order Elastic Constants of Tin and of a Tin-Indium Alloy},
	author = {Swartz, K. D. and Chua, W. B. and Elbaum, C.},
	journal = {Phys. Rev.},
	volume = {B6},
	pages = {426-435},
	year = {1972},
	doi = {10.1103/PhysRevB.6.426},
}
@article{Rao:1973,
	title = {Lattice Dynamics, Third-Order Elastic Constants, and Thermal Expansion of Titanium},
	author = {{Ramji Rao}, R. and Menon, C. S.},
	journal = {Phys. Rev.},
	volume = {B7},
	issue = {2},
	pages = {644-650},
	year = {1973},
	doi = {10.1103/PhysRevB.7.644},
}
@article{Swartz:1970,
title = {Third-Order Elastic Constants of Zinc},
author = {Swartz, K. D. and Elbaum, C.},
journal = {Phys. Rev.},
volume = {B1},
pages = {1512-1517},
year = {1970},
doi = {10.1103/PhysRevB.1.1512},
}
@Article{Singh:1992,
	author="Singh, A. and Rathore, R. P. S. and Agrawal, R. M.",
	title="Phonons and elastic constants for scandium, zirconium and magnesium",
	journal="Acta Phys. Hung.",
	year="1992",
	volume="72",
	number="2",
	pages="133-140",
	doi="10.1007/BF03054157",
}
@article{Barrera:1993,
	author = {Barrera, G. D. and Batana, A.},
	title = {Lattice Dynamics, Thermal Expansion, and Third-Order Elastic Constants of Seminoble Metals},
	journal = {phys. stat. sol. (b)},
	volume = {179},
	number = {1},
	pages = {59-75},
	doi = {10.1002/pssb.2221790108},
	year = {1993}
}
@article{Brugger:1965,
	author = {K. Brugger},
	title = {Pure Modes for Elastic Waves in Crystals},
	journal = {J. Appl. Phys.},
	volume = {36},
	pages = {759-768},
	year = {1965},
	doi = {10.1063/1.1714215},
}
@article{Gao:1999,
	author = {H. Gao and Y. Huang and P. Gumbsch and A. J. Rosakis},
	title = {On radiation-free transonic motion of cracks and dislocations},
	journal = {J. Mech. Phys. Solids},
	volume = {47},
	number = {9},
	pages = {1941-1961},
	year = {1999},
	issn = {0022-5096},
	doi = {10.1016/S0022-5096(98)00126-4},
}
@Article{Gu:2019,
	author="Jianbing Gu and Chenju Wang and Bin Sun and Weiwei Zhang and Dandan Liu",
	title="High-Pressure Third-Order Elastic Constants of {MgO} Single Crystal: {First}-Principles Investigation",
	journal="Z. Naturforsch.",
	year="2019",
	volume="74",
	issue="5",
	pages="447-456",
	doi="10.1515/zna-2018-0500",
}


%%%%%%%%%%%%%%%%%%%%%%%%
@article{Blaschke:2017Poly,
	author         = "Blaschke, Daniel N.",
	title          = "Averaging of elastic constants for polycrystals",
	year           = "2017",
	reportNumber   = "LA-UR-17-24288",
	eprint         = "1706.07132",
	archivePrefix  = "arXiv",
	primaryClass   = "cond-mat.mtrl-sci",
	journal        = "J. Appl. Phys.",
	volume         = "122",
	pages          = "145110",
	doi            = "10.1063/1.4993443",
}
@article{Blaschke:2017lten,
author         = "Blaschke, Daniel N. and Szajewski, Benjamin A.",
title          = "Line tension of a dislocation moving through an anisotropic crystal",
year           = "2018",
reportNumber   = "LA-UR-17-29936",
eprint         = "1711.10555",
archivePrefix  = "arXiv",
primaryClass   = "cond-mat.mtrl-sci",
journal        = "Phil. Mag.",
volume         = "98",
pages          = "2397-2424",
doi            = "10.1080/14786435.2018.1489152",
}
@techreport{Blaschke:BpaperRpt,
	author         = "Blaschke, Daniel N. and Mottola, Emil and Preston, Dean L.",
	title          = "On the velocity dependence of the dislocation drag coefficient from phonon wind",
	year           = "2018",
	number         = "LA-UR-16-24559",
	institution    = "Los Alamos Natl. Lab.",
	doi            = "10.2172/1434423",
	url            = "https://www.osti.gov/biblio/1434423/",
}
@article{Blaschke:2018anis,
author         = "Blaschke, Daniel N.",
title          = "Velocity dependent dislocation drag from phonon wind and crystal geometry",
year           = "2019",
reportNumber   = "LA-UR-18-22746",
eprint         = "1804.01586",
archivePrefix  = "arXiv",
primaryClass   = "cond-mat.mtrl-sci",
doi            = "10.1016/j.jpcs.2018.08.032",
journal        = "J. Phys. Chem. Solids",
volume         = "124",
pages          = "24-35",
}
@article{Blaschke:2019fits,
author         = "Blaschke, Daniel N.",
title          = "Properties of dislocation drag from phonon wind at ambient conditions",
year           = "2019",
reportNumber   = "LA-UR-19-20476",
eprint         = "1902.02451",
archivePrefix  = "arXiv",
primaryClass   = "cond-mat.mtrl-sci",
doi            = "10.3390/ma12060948 ",
journal        = "Materials",
volume         = "12",
issue          = "6",
pages          = "948",
}
@article{Blaschke:2019Bpap,
author         = "Blaschke, Daniel N. and Mottola, Emil and Preston, Dean L.",
title          = "Dislocation drag from phonon wind in an isotropic crystal at large velocities",
year           = "2020",
journal        = "Phil. Mag.",
volume         = "100",
number         = "5",
pages          = "571-600",
reportNumber   = "LA-UR-19-25851",
eprint         = "1907.00101",
archivePrefix  = "arXiv",
primaryClass   = "cond-mat.mtrl-sci",
doi            = "10.1080/14786435.2019.1696484",
}
@article{Blaschke:2019a,
author         = "Blaschke, Daniel N. and Hunter, Abigail and Preston, Dean L.",
title          = "Analytic model of the remobilization of pinned glide dislocations: {Including} dislocation drag from phonon wind",
year           = "2020",
reportNumber   = "LA-UR-19-26796",
eprint         = "1912.08851",
archivePrefix  = "arXiv",
primaryClass   = "cond-mat.mtrl-sci",
doi                  = "10.1016/j.ijplas.2020.102750",
journal            = "Int. J. Plast.",
volume           = "131",
pages             = "102750",
}
@article{Blaschke:2020MD,
author      = "Daniel N. Blaschke and Jie Chen and Saryu Fensin and Benjamin Szajewski",
title          = "Clarifying the definition of `transonic' screw dislocations",
year          = "2021",
eprint        = "2008.13760",
archivePrefix = "arXiv",
primaryClass  = "cond-mat.mtrl-sci",
reportNumber  = "LA-UR-20-25514",
journal = "Phil. Mag.",
volume  = "101",
issue = "8",
pages = "997-1018",
doi = "10.1080/14786435.2021.1876269",
}
@article{Blaschke:2020acc,
author      = "Daniel N. Blaschke",
title          = "A general solution for accelerating screw dislocations in arbitrary slip systems with reflection symmetry",
year          = "2021",
eprint        = "2009.00167",
archivePrefix = "arXiv",
primaryClass  = "cond-mat.mtrl-sci",
reportNumber  = "LA-UR-20-25951",
journal = {J. Mech. Phys. Solids},
volume = {152},
pages = {104448},
issn = {0022-5096},
doi = {10.1016/j.jmps.2021.104448},
}
@article{Blaschke:2021impact,
author      = {Daniel N. Blaschke and Darby J. Luscher},
title          = {Dislocation drag and its influence on elastic precursor decay},
year          = {2021},
reportNumber  = {LA-UR-20-25546},
eprint={2101.10497},
archivePrefix={arXiv},
primaryClass={cond-mat.mtrl-sci},
journal={Int. J. Plast.},
volume={144},
pages={103030},
doi={10.1016/j.ijplas.2021.103030},
}
@article{Blaschke:2021temperature,
title={On the temperature and density dependence of dislocation drag from phonon wind}, 
author={Daniel N. Blaschke and Leonid Burakovsky and Dean L. Preston},
year={2021},
eprint={2104.08650},
archivePrefix={arXiv},
primaryClass={cond-mat.mtrl-sci},
journal={J. Appl. Phys.},
volume={130},
pages={015901},
doi={10.1063/5.0054536},
reportNumber  = {LA-UR-21-23521},
}
@article{Blaschke:2021vcrit,
title={How to determine limiting velocities of dislocations in anisotropic crystals}, 
author={Daniel N. Blaschke},
year={2021},
eprint={2107.01220},
archivePrefix={arXiv},
primaryClass={cond-mat.mtrl-sci},
reportNumber  = {LA-UR-21-26126},
journal={J. Phys.: Cond. Mat.},
volume={33},
pages={503005},
doi={10.1088/1361-648X/ac2970},
}
@article{Blaschke:2023acc,
	author      = {Daniel N. Blaschke and Khanh Dang and Saryu Fensin and Darby J. Luscher},
	title          = {Properties of accelerating edge dislocations in arbitrary slip systems with reflection symmetry},
	year          = {2023},
	eprint        = {2303.10461},
	archivePrefix = {arXiv},
	primaryClass  = {cond-mat.mtrl-sci},
	reportNumber  = {LA-UR-22-22567},
}
@article{Blaschke:2023rad,
author      = {Daniel N. Blaschke and Ta Duong and Michael J. Demkowicz},
title          = {On radiation-free velocities of edge dislocations in arbitrary slip systems of anisotropic crystals},
year          = {2023},
eprint        = {},
archivePrefix = {arXiv},
primaryClass  = {cond-mat.mtrl-sci},
reportNumber  = {LA-UR-23-xxxxx},
note = {in preparation},
}
